@inproceedings{ball1999concept,
	title={The concept of dynamic analysis},
	author={Ball, Thomas},
	booktitle={Software Engineering—ESEC/FSE’99},
	pages={216},
	year={1999},
	organization={Springer}
}